%
% literature database
%

%
% abbreviations
%

@string{BCTM = "Bipolar/BiCMOS Circuits and Technology Meeting"}
@string{ICMTS = "International Conference on Microelectronic Test Structures"}
@string{IEEETED = "IEEE Transactions on Electron Devices"}
@string{IRETED = "IRE Transactions on Electron Devices"}
@string{IRETAP = "IRE Transactions on Antennas and Propagation"}
@string{IEEETCS = "IEEE Transactions on Circuits and Systems"}
@string{IEEEJSSC = "IEEE Journal of Solid-State Circuits"}
@string{ESEJ = "Engineering Science and Education Journal"}
@string{IJE = "International Journal of Electronics"}
@string{IEEETMTT = "IEEE Transactions on Microwave Theory and Techniques"}
@string{IEEEMTTSdig = "IEEE MTT-S International Microwave Symposium Digest"}
@string{SMTT = "Symposium on Microwave Theory and Techniques"}
@string{MSCS = "Midwest Symposium on Circuits and Systems"}
@string{ELETTERS = "Electronics Letters"}
@string{IEEEMGWLETTERS = "IEEE Microwave and Guided Wave Letters"}
@string{MWJ = "Microwave Journal"}
@string{APMC = "Asia-Pacific Microwave Conference"}
@string{BELLSTJ = "The Bell System Technical Journal"}
@string{IEEETCT = "IEEE Transactions on Circuit Theory"}
@string{MAP = "Microwaves, Antennas and Propagation"}
@string{IEEETPHP = "IEEE Transactions on Parts, Hybrids, and Packaging"}

%
% books
%

@book{Zverev,
 author    = {Anatol I. Zverev},
 title     = "{Handbook of Filter Synthesis}",
 publisher = {John Wiley \& Sons},
 address   = {New York},
 year      = {1967},
}

@book{Thede,
 author    = {Les Thede},
 title     = "{Analog and Digital Filter Design using C}",
 publisher = {Prentice Hall},
 address   = {New Jersey},
 year      = {1996},
 isbn      = {0-13-352627-5},
}

@book{Sedra,
 author    = {Adel S. Sedra and Peter O. Brackett},
 title     = "{Filter Theory and Design: Active and Passive}",
 series    = "{Matrix Series in Circuits and Systems}",
 editor    = {Andrew P. Sage},
 publisher = {Matrix Publishers, Inc.},
 address   = {Portland, Oregon},
 year      = {1978},
}

@book{Hoffmann,
 author    = {Reinmut K. Hoffmann},
 title     = "{Integrierte Mikrowellenschaltungen}",
 edition   = "{Elektrische Grundlagen, Dimensionierung, technische
               Ausf\"uhrung, Technologien}",
 publisher = {Springer Verlag},
 address   = {Berlin Heidelberg},
 year      = {1983},
 isbn      = {3-540-12352-0},
}

@book{Wadell,
 author    = {Brian C. Wadell},
 title     = "{Transmission Line Design Handbook}",
 publisher = {Artech House, Inc.},
 address   = {Boston London},
 year      = {1991},
 isbn      = {0-89006-436-9},
}

@book{Abramowitz,
 author    = {Milton Abramowitz and Irene A. Stegun},
 title     = "{Handbook of Mathematical Functions with Formulas, Graphs,
               and Mathematical Tables}",
 publisher = {Dover Publications, Inc.},
 address   = {New York},
 month     = may,
 year      = {1968},
}

@book{Gupta,
 author    = {Kuldip C. Gupta and Ramesh Garg and I. J. Bahl},
 title     = "{Microstrip Lines and Slotlines}",
 publisher = {Artech House, Inc.},
 year      = {1979},
}

@book{Gupta1,
 author    = {Kuldip C. Gupta and Ramesh Garg and Inder J. Bahl and
              Prakash Bhartia},
 title     = "{Microstrip Lines and Slotlines}",
 edition   = {second},
 publisher = {Artech House, Inc.},
 year      = {1996},
 isbn      = {0-89006-766-X},
}

@book{Bahl,
 author    = {Inder Bahl and Prakash Barthia},
 title     = "{Microwave Solid State Circuit Design}",
 edition   = {second},
 publisher = {Wiley Interscience},
 year      = {2003},
 isbn      = {9-471-20755-1},
}

@book{Mir,
 author    = {M. Lavrentiev and B. Chabat},
 title     = "{M\'ethodes de la th\'eorie des fonctions d'une variable
               complexe}",
 address   = {Moscow},
 year      = {1972},
}

@book{Collin,
 author    = {Robert E. Collin},
 title     = "{Foundations for Microwave Engineering}",
 edition   = {second},
 publisher = {Mc Graw-Hill},
 address   = {New York},
 year      = {1992},
}

@book{Edwards,
 author    = {Terry Edwards},
 title     = "{Foundations for Microstrip Circuit Design}",
 edition   = {second},
 publisher = {John Wiley \& Sons},
 year      = {1991},
}

@book{Stoecker,
 author    = {Horst St\"ocker},
 title     = "{Taschenbuch mathematischer Formeln und moderner Verfahren}",
 publisher = {Verlag Harri Deutsch},
 address   = {Frankfurt am Main},
 edition   = {third},
 year      = {1995},
}

@book{Blum,
 author    = {A. Blum},
 title     = "{Skriptum zur Vorlesung Elektronik IV \"uber 
               Schaltungssimulation}",
 publisher = {Universitas Saraviensis},
 address   = {Universit\"at des Saarlandes},
 year      = {2001},
 local     = "{script4.pdf}",
}

@book{Mackenzie,
 author    = {J. A. Mackenzie},
 title     = "{The Numerical Solution of Ordinary Differential Equations}",
 publisher = {Department of Mathematics},
 address   = {University of Strathclyde},
 year      = {2001},
 local     = "{install1.pdf}",
}

@book{Nardi,
 author    = {Alberto Sangiovanni-Vincentelli and Alessandra Nardi},
 title     = "{Computer-Aided Verification of Electronic Circuits and
               Systems}",
 publisher = {Department of Electrical Engineering and Computer Sciences},
 address   = {University of Berkeley},
 year      = {2002},
 local     = "{lec1_bw_2xp.pdf}",
}

@book{templates,
 author    = {R. Barrett and M. Berry and T.F. Chan and J. Demmel and
              J. Donato and J. Dongarra and V. Eijkhout and R. Pozo and
              C. Romine and H. Van der Vorst},
 title     = "{Templates for the Solution of Linear Systems: Building Blocks
               for Iterative Methods}",
 publisher = {SIAM},
 year      = {1994},
 address   = {Philadelphia, PA},
 local     = "{templates.ps}",
}

@book{Dobrowolski,
 author    = {Janusz A. Dobrowolski},
 title     = "{Introduction to Computer Methods for Microwave Circuit Analysis
               and Design}",
 publisher = {Artech House},
 address   = {Warsaw University of Technology},
 year      = {1991},
}
 
@book{Berkner,
 author    = {J\"org Berkner},
 title     = "{Kompaktmodelle f\"ur Bipolartransistoren}",
 edition   = "{Praxis der Modellierung, Messung und Parameterbestimmung - 
               SGP, VBIC, HICUM und MEXTRAM}",
 publisher = {expert Verlag},
 year      = {2002},
 isbn      = {3-8169-2085-3},
}

@book{Weissgerber,
 author    = {Wilfried Wei{\ss}gerber},
 title     = "{Elektrotechnik f\"ur Ingenieure}",
 edition   = "{Ausgleichsvorg\"ange, Fourieranalyse, Vierpoltheorie}",
 volume    = {3},
 publisher = {Vieweg Verlag},
 year      = {1999},
 isbn      = {3-528-34918-5},
}

@book{Hoefer,
 author    = {Ernst E. E. Hoefer and Horst Nielinger},
 title     = "{SPICE - Analyseprogramm f\"ur elektronische Schaltungen}",
 publisher = {Springer Verlag},
 address   = {Berlin Heidelberg},
 year      = {1985},
}

@book{Sze,
 author    = {S. M. Sze},
 title     = "{Semiconductor Devices}",
 edition   = "{Physics and Technology}",
 publisher = {John Wiley \& Sons},
 address   = {New York},
 year      = {1985},
 isbn      = {0-471-83704-0},
}

@book{Kirschning8,
 author  = {M. Kirschning},
 title   = "{Entwicklung von N\"aherungsmodellen f\"ur den rechnergest\"utzten
             Entwurf von hybriden und monolithischen Schaltungen in
	     Mikrostreifenleitungstechnik}",
 publisher = {Dissertation, Universit\"at Duisburg},
 year      = {1984},
}

@book{Maas1,
 author    = {Steven Maas},
 title     = "{Nonlinear Microwave and RF Circuits}",
 edition   = {Second Edition},
 publisher = {www.artechhouse.com},
 year      = {2003},
}

@book{Michel1,
 author    = {Hans-J\"urgen Michel},
 title     = "{Zweitoranalyse mit Leitungswellen}",
 publisher = {Teubner},
 year      = {1981},
}

@book{Press,
 author    = {W. H. Press and S. A. Teukolsky and W. T. Vetterling},
 title     = "{Numerical Recipes in C: The Art of Scientific Computing}",
 publisher = {Cambridge University Press},
 year      = {1988-1992},
 isbn      = {0-521-43108-5},
}

@book{Engeln,
 author    = {Gisela Engeln-M\"ullges and Frank Uhlig},
 title     = "{Numerical Algorithms with C}",
 publisher = {Springer Verlag},
 month     = feb,
 year      = {1996},
 address   = {Berlin},
 isbn      = {3-540-60530-4},
}

@book{Golub,
 author    = {Gene H. Golub and Charles F. van Loan},
 title     = "{Matrix Computations}",
 edition   = 3,
 publisher = {The Johns Hopkins University Press},
 year      = {1996},
 address   = {London},
 isbn      = {0-8018-5413-X},
}

@book{Massobrio,
 author    = {Guiseppe Massobrio and Paolo Antognetti},
 title     = "{Semiconductor Device Modeling with SPICE}",
 edition   = 2,
 publisher = {Mc Graw-Hill},
 address   = {New York},
 year      = {1993},
 isbn      = {0-07-002469-3},
}

@book{Hart,
 author    = {John Fraser Hart and et al.},
 title     = "{Computer Approximations}",
 series    = "{The SIAM Series in Applied Mathematics}",
 publisher = {John Wiley \& Sons, Inc.},
 address   = {New York},
 year      = {1968},
}

@book{BahlLumpedComponents,
 author    = {Inder Bahl},
 title     = "{Lumped Elements for RF and Microwave Circuits}",
 publisher = {Artech House},
 year      = {2003},
 isbn = {1-58053-309-4},
}

@book{Pozar,
 author  = {David M. Pozar},
 title   = "{Microwave engineering}",
 publisher = {John Wiley and Sons Inc},
 edition  = {4},
 year    = {2012},
 pages   = {437-441},
 isbn    = {978-0-470-63155-3},
}

@book{BahlFundamentalsRFMW,
 author  = {Inder J. Bahl},
 title   = "{Fundamentals of RF and Microwave Transistor Amplifiers}",
 publisher = {John Wiley and Sons Inc},
 year    = {2009},
 isbn    = {978-0-470-39166-2},
}


%
% hand books
%


%
% theses
%

@MastersThesis{Abbott,
 author  = {Jeffrey Townsley Abbott},
 title   = {Modeling the Capacitive Behavior of Coplanar Striplines and Coplanar Waveguides Using Simple Functions},
 school  = {Rochester Institute of Technology},
 address = {Rochester, New York},
 year    = {2011},
 month   = jun,
}

%
% internet addresses
%

@electronic{Constants,
 author = "{National Institute of Standards and Technology}",
 title  = "{Fundamental Physical Constants from NIST}",
 url    = "{http://physics.nist.gov/cuu/Constants/index.html}",
 month  = dec,
 year   = {2003},
}

@electronic{WikiBond,
 author = "{Wikibook}",
 title  = "{Electronics/Inductors}",
 url    = "{http://en.wikibooks.org/w/index.php?title=Electronics/Inductors}",
 month  = nov,
 year   = {2006},
}

@electronic{SageMath,
 author = "{SageMath}",
 title  = "{An open-source mathematics software}",
 url    = "{http://www.sagemath.org/}",
 year   = {2017},
}

 @electronic{SanDiegoNotesMatching,
 author = "{University of San Diego. EE194}",
 title  = "{Lec. 20: Matching Networks}",
 url    = "{http://home.sandiego.edu/~ekim/e194rfs01/lec20ek.pdf}",
 month  = Spring,
 year   = {2001},
}

%
% IEEE publications
%

@inproceedings{Compton,
 author    = {R. C. Compton and D. B. Rutledge},
 title     = "{Perspectives in Microwave Circuit Analysis}",
 booktitle = "Proceedings of the 32nd " # MSCS,
 publisher = {IEEE},
 year      = {1989},
 month     = aug,
 volume    = {2},
 pages     = {716-718},
 local     = "{00101955.pdf}",
}

@inproceedings{Queiroz,
 author    = {Antonio Carlos M. de Queiroz},
 title     = "{Compact Nodal Analysis With Controlled Sources Modeled by
               Operational Amplifiers}",
 booktitle = "Proceedings of the 38th " # MSCS,
 publisher = {IEEE},
 year      = {1995},
 month     = aug,
 volume    = {2},
 pages     = {1205-1208},
 local     = "{00510311.pdf}",
}

@article{Lefferson,
 author  = {Peter Lefferson},
 title   = "{Twisted Magnet Wire Transmission Line}",
 journal = IEEETPHP,
 volume  = {PHP-7},
 number  = {4},
 month   = dec,
 year    = {1971},
 pages   = {148-154},
 local   = "{01136426.pdf}",
 local   = "{01136568.pdf}",
}

@article{Wedepohl,
 author    = {L. M. Wedepohl and L. Jackson},
 title     = "{Modified nodal analysis: an essential addition to electrical
               circuit theory and analysis}",
 journal   = ESEJ,
 month     = jun,
 year      = {1992},
 publisher = {IEEE},
 volume    = {11},
 issue     = {3},
 pages     = {84-92},
 local     = "{01015781.pdf}",
}

@article{Monaco,
 author  = {Vito A. Monaco and Paolo Tiberio},
 title   = "{Computer-Aided Analysis of Microwave Circuits}",
 journal = IEEETMTT,
 volume  = {22},
 number  = {3},
 month   = mar,
 year    = {1974},
 pages   = {249-263},
 local   = "{01128298.pdf}",
}

@article{Kurokawa,
 author  = {K. Kurokawa},
 title   = "{Power Waves and the Scattering Matrix}",
 journal = IEEETMTT,
 month   = mar,
 year    = {1965},
 pages   = {194-202},
}

@article{Kobayashi,
 author  = {Masanori Kobayashi},
 title   = "{A Dispersion Formula Satisfying Recent Requirements in
             Microstrip CAD}",
 journal = IEEETMTT,
 volume  = {36},
 number  = {8},
 month   = aug,
 year    = {1988},
 pages   = {1246-1250},
 local   = "{00003665.pdf}",
}

@article{Yamashita,
 author  = {Eikichi Yamashita and Kazuhiko Atsuki and Tomio Ueda},
 title   = "{An Approximate Dispersion Formula of Microstrip Lines for
             Computer Aided Design of Microwave Integrated Circuits}",
 journal = IEEETMTT,
 volume  = {27},
 month   = dec,
 year    = {1979},
 pages   = {1036-1038},
 local   = "{01129787.pdf}",
 local   = "{01124054.pdf}",
}

@article{Hammerstad,
 author  = {E. Hammerstad and {\O}. Jensen},
 title   = "{Accurate Models for Microstrip Computer-Aided Design}",
 journal = SMTT,
 month   = jun,
 year    = {1980},
 pages   = {407-409},
 local   = "{01124303.pdf}",
}

@article{Getsinger,
 author  = {William J. Getsinger},
 title   = "{Microstrip Dispersion Model}",
 journal = IEEETMTT,
 volume  = {21},
 number  = {1},
 month   = jan,
 year    = {1973},
 pages   = {34-39},
 local   = "{01127911.pdf}",
}

@article{Wheeler,
 author  = {Harold A. Wheeler},
 title   = "{Transmission-Line Properties of a Strip on a Dielectric Sheet
             on a Plane}",
 journal = IEEETMTT,
 volume  = {25},
 number  = {8},
 month   = aug,
 year    = {1977},
 pages   = {631-647},
 local   = "{01129179.pdf}",
}

@article{Getsinger2,
 author  = {William J. Getsinger},
 title   = "{Microstrip Characteristic Impedance}",
 journal = IEEETMTT,
 volume  = {27},
 number  = {5},
 month   = apr,
 year    = {1979},
 pages   = {293},
 local   = "{01129617.pdf}",
}

@article{Hammerstad2,
 author  = {E. Hammerstad},
 title   = "{Computer-Aided Design of Microstrip Couplers with Accurate
             Discontinuity Models}",
 journal = SMTT,
 month   = jun,
 year    = {1981},
 pages   = {54-56},
 local   = "{01129818.pdf}",
}

@article{Yamashita2,
 author  = {Eikichi Yamashita and Kazuhiko Atsuki and Tetsuya Hirahata},
 title   = "{Microstrip Dispersion in a Wide-Frequency Range}",
 journal = IEEETMTT,
 volume  = {29},
 number  = {6},
 month   = jun,
 year    = {1981},
 pages   = {610-611},
 local   = "{01130403.pdf}",
}

@article{Kirschning,
 author  = {M. Kirschning and R. H. Jansen and N. H. L. Koster},
 title   = "{Measurement and Computer-Aided Modeling of Microstrip 
             Discontinuities by an Improved Resonator Method}",
 journal = SMTT,
 month   = may,
 year    = {1983},
 pages   = {495-497},
 local   = "{01130959.pdf}",
}

@article{Kirschning1,
 author  = {Rolf H. Jansen and Martin Kirschning},
 title   = "{Arguments and an accurate Model for the Power-Current
             Formulation of Microstrip Characteristic Impedance}",
 journal = "{Archiv f\"ur Elektronik und \"Ubertragungstechnik
             (AE\"U)}",
 volume  = {37},
 year    = {1983},
 pages   = {108-112},
 local   = "{E000621332.pdf}",
}

@article{Kobayashi2,
 author  = {Masanori Kobayashi},
 title   = "{Important Role of Inflection Frequency in the Dispersive 
             Property of Microstrip Lines}",
 journal = IEEETMTT,
 volume  = {30},
 number  = {11},
 month   = nov,
 year    = {1982},
 pages   = {2057-2059},
 local   = "{01131378.pdf}",
}

@article{Getsinger3,
 author  = {William J. Getsinger},
 title   = "{Measurement and Modeling of the Apparent Characteristic
             Impedance of Microstrip}",
 journal = IEEETMTT,
 volume  = {31},
 number  = {8},
 month   = aug,
 year    = {1983},
 pages   = {624-632},
 local   = "{01131560.pdf}",
}

@article{Getsinger4,
 author  = {William J. Getsinger},
 title   = "{Dispersion of Parallel-Coupled Microstrip}",
 journal = IEEETMTT,
 note    = "{Short Papers}",
 month   = mar,
 year    = {1973},
 pages   = {144-145},
 local   = "{01127951.pdf}",
}

@article{Kirschning2,
 author  = {Manfred Kirschning and Rolf H. Jansen},
 title   = "{Accurate Wide-Range Design Equations for the Frequency-Dependent
             Characteristic of Parallel Coupled Microstrip Lines}",
 journal = IEEETMTT,
 volume  = {32},
 number  = {1},
 month   = jan,
 year    = {1984},
 pages   = {83-90},
 local   = "{01132616.pdf}",
}

@article{Kirschning6,
 author  = {Manfred Kirschning and Rolf H. Jansen},
 title   = "{Corrections to "Accurate Wide-Range Design Equations for the
             Frequency-Dependent Characteristic of Parallel Coupled
             Microstrip Lines"}",
 journal = IEEETMTT,
 volume  = {33},
 number  = {3},
 month   = mar,
 year    = {1985},
 pages   = {288},
 local   = "{01133005.pdf}",
}

@article{Pramanick,
 author  = {Prakash Bhartia and Protap Pramanick},
 title   = "{A New Microstrip Dispersion Model}",
 journal = IEEETMTT,
 volume  = {32},
 number  = {10},
 month   = oct,
 year    = {1984},
 pages   = {1379-1384},
 local   = "{01132855.pdf}",
}

@article{Pramanick1,
 author  = {Protap Pramanick and Prakash Bhartia},
 title   = "{An Accurate Description of Dispersion in Microstrip}",
 journal = MWJ,
 month   = dec,
 year    = {1983},
 pages   = {89-96},
 local   = "{PramanickDispersion.pdf}",
}

@article{Kobayashi3,
 author  = {Masanori Kobayashi},
 title   = "{Frequency Dependent Characteristics of Microstrips on Anisotropic
             Substrates}",
 journal = IEEETMTT,
 volume  = {30},
 number  = {11},
 month   = nov,
 year    = {1982},
 pages   = {2054-2057},
 local   = "{01131377.pdf}",
}

@article{Kirschning3,
 author  = {M. Kirschning and R. H. Jansen},
 title   = "{Accurate Model for Effective Dielectric Constant of Microstrip
             with Validity up to Millimeter-Wave Frequencies}",
 journal = ELETTERS,
 volume  = {8},
 number  = {6},
 month   = mar,
 year    = {1982},
 pages   = {272-273},
 local   = "{KirschningJansenElectronLetter.pdf}",
}

@article{Atwater,
 author  = {H. A. Atwater},
 title   = "{Tests of Microstrip Dispersion Formulas}",
 journal = IEEETMTT,
 volume  = {36},
 number  = {3},
 month   = mar,
 year    = {1988},
 pages   = {619-621},
 local   = "{00003561.pdf}",
}

@article{Wheeler2,
 author  = {Harold A. Wheeler},
 title   = "{Transmission-Line Properties of Parallel Strips Separated by a
             Dielectric Sheet}",
 journal = IEEETMTT,
 volume  = {13},
 number  = {2},
 month   = mar,
 year    = {1965},
 pages   = {172-185},
 local   = "{01125962.pdf}",
}

@article{Denlinger,
 author  = {Edgar J. Denlinger},
 title   = "{Losses of Microstrip Lines}",
 journal = IEEETMTT,
 volume  = {28},
 number  = {6},
 month   = jun,
 year    = {1980},
 pages   = {513-522},
 local   = "{01130112.pdf}",
}

@article{Wheeler3,
 author  = {Harold A. Wheeler},
 title   = "{Transmission-Line Properties of Parallel Wide Strips by a
             Conformal-Mapping Approximation}",
 journal = IEEETMTT,
 volume  = {12},
 number  = {3},
 month   = may,
 year    = {1964},
 pages   = {280-289},
 local   = "{01125810.pdf}",
}

@article{Edwards2,
 author  = {Terence C. Edwards and Roger P. Owens},
 title   = "{2-18-GHz Dispersion Measurements on 10-100-$\ohm$ Microstrip
             Lines on Sapphire}",
 journal = IEEETMTT,
 volume  = {24},
 number  = {8},
 month   = aug,
 year    = {1976},
 pages   = {506-513},
 local   = "{01128888.pdf}",
}

@article{Owens,
 author  = {Roger P. Owens and James E. Aitken and Terence C. Edwards},
 title   = "{Quasi-Static Characteristics of Microstrip on an Anisotropic
             Sapphire Substrate}",
 journal = IEEETMTT,
 volume  = {24},
 number  = {8},
 month   = aug,
 year    = {1976},
 pages   = {499-505},
 local   = "{01128887.pdf}",
}

@article{Kirschning4,
 author  = {M. Kirschning and R. H. Jansen and N. H. L. Koster},
 title   = "{Measurement and Computer-Aided Modeling of Microstrip
             Discontinuities by an Improved Resonator Method}",
 journal = IEEEMTTSdig,
 month   = may,
 year    = {1983},
 pages   = {495-497},
 local   = "{01130959.pdf}",
}

@article{Kirschning7,
 author  = {M. Kirschning and R. H. Jansen and N. H. L. Koster},
 title   = "{Accurate Model for open end effect of microstrip lines}",
 journal = ELETTERS,
 volume  = {17},
 number  = {3},
 month   = feb,
 year    = {1981},
 pages   = {123-125},
 local   = "{KirschningOpenEnd.pdf}",
}

@article{Kirschning9,
 author  = {M. Kirschning and R. H. Jansen and N. H. L. Koster},
 title   = "{Coupled Mircrostrip Parallel-Gap Model for Improved Filter
             and Coupler Design}",
 journal = ELETTERS,
 volume  = {19},
 number  = {10},
 month   = may,
 year    = {1983},
 pages   = {377-379},
 local   = "{KirschningParallelGap.pdf}",
}

@article{Jansen,
 author  = {Rolf H. Jansen},
 title   = "{High-Speed Computation of Single and Coupled Microstrip
             Parameters Including Dispersion, High-Order Modes, Loss and
             Finite Strip}",
 journal = IEEETMTT,
 volume  = {26},
 number  = {2},
 month   = feb,
 year    = {1978},
 pages   = {75-82},
 local   = "{01129316.pdf}",
}

@article{Beilenhoff,
 author  = {Klaus Beilenhoff and Harald Klingbeil and Wolfgang Heinrich and
            Hans L. Hartnagel},
 title   = "{Open and Short Circuits in Coplanar MMIC's}",
 journal = IEEETMTT,
 volume  = {41},
 number  = {9},
 month   = sep,
 year    = {1993},
 pages   = {1534-1537},
 local   = "{Open and Short Circuits in Coplanar MMICs .pdf}",
 local   = "{00245673.pdf}",
}

@article{Getsinger5,
 author  = {William J. Getsinger},
 title   = "{Circuit Duals on Planar Transmission Media}",
 journal = IEEEMTTSdig,
 year    = {1983},
 pages   = {154-156},
 local   = "{Circuit Duals on Planar Transmission Media.pdf}",
}

@article{Getsinger6,
 author  = {William J. Getsinger},
 title   = "{End-Effects in Quasi-TEM Transmission Lines}",
 journal = IEEETMTT,
 volume  = {41},
 number  = {4},
 month   = apr,
 year    = {1993},
 pages   = {666-671},
 local   = "{00231662.pdf}",
}

@article{Frankel,
 author  = {Michael Y. Frankel and Shantanu Gupta and Janis A. Valdmanis and
            Gerard A. Mourou},
 title   = "{Terahertz Attenuation and Dispersion Characteristics of Coplanar
             Transmission Lines}",
 journal = IEEETMTT,
 volume  = {39},
 number  = {6},
 month   = jun,
 year    = {1991},
 pages   = {910-916},
 local   = "{00081658.pdf}",
}

@inproceedings{Gevorgian,
 author    = {S. Gevorgian and T. Martinsson and A. Deleniv and E. Kollberg and
              I. Vendik},
 title     = "{Simple and accurate dispersion expression for the effective
               dielectric constant of coplanar waveguides}",
 booktitle = "Proceedings of " # MAP,
 publisher = {IEE},
 year      = {1997},
 month     = apr,
 volume    = {144},
 number    = {2},
 pages     = {145-148},
 local     = "{00587450.pdf}",
}

@article{Ghione,
 author  = {Giovanni Ghione and Carlo U. Naldi},
 title   = "{Coplanar Waveguides for MMIC Applications: Effect of Upper
             Shielding, Conductor Backing, Finite-Extent Ground Planes, and
             Line-to-Line Coupling}",
 journal = IEEETMTT,
 volume  = {35},
 number  = {3},
 month   = mar,
 year    = {1987},
 pages   = {260-267},
 local   = "{01133637.pdf}",
}

@article{Owyang,
 author  = {G. H. Owyang and T. T. Wu},
 title   = "{The Approximate Parameters of Slot Lines and Their Complement}",
 journal = IRETAP,
 month   = jan,
 year    = {1958},
 pages   = {49-55},
 local   = "{01144556.pdf}",
}

@article{Ghione1,
 author  = {Giovanni Ghione},
 title   = "{A CAD-Oriented Analytical Model for the Losses of General
             Asymmetric Coplanar Lines in Hybrid and Monolithic MICs}",
 journal = IEEETMTT,
 volume  = {41},
 number  = {9},
 month   = sep,
 year    = {1993},
 pages   = {1499-1510},
 local   = "{00245668.pdf}",
}

@article{Ghione2,
 author  = {Giovanni Ghione and Carlo U. Naldi},
 title   = "{Analytical Formulas for Coplanar Lines and Monolithic MICs}",
 journal = ELETTERS,
 volume  = {20},
 number  = {4},
 day     = {16},
 month   = feb,
 year    = {1984},
 pages   = {179-181},
 local   = "{AnalyticFormulasForCoplanarLinesInHybridAndMonolithicMICs.pdf}",
}

@article{Sinclair,
 author  = {Colin Sinclair and Stephen J. Nightgale},
 title   = "{An Equivalent Circuit Model for the Coplanar Waveguide Step
             Discontinuity}",
 journal = IEEEMTTSdig,
 month   = sep,
 year    = {1992},
 pages   = {1461-1464},
 local   = "{00188286.pdf}",
}

@article{Akello,
 author  = {R. J. Akello and B. Easter and I. M. Stephenson},
 title   = "{Equivalent circuit of the asymmetric crossover junction}",
 journal = ELETTERS,
 volume  = {13},
 number  = {4},
 month   = feb,
 year    = {1977},
 pages   = {117-118},
 local   = "{asymmetric_mscross.pdf}",
}

@article{Bedair,
 author  = {Said S. Bedair and Ingo Wolff},
 title   = "{Fast, Accurate and Simple Approximate Analytic Formulas for
             Calculating the Parameters of Supported Coplanar Waveguides for
             (M)MIC's}",
 journal = IEEETMTT,
 volume  = {40},
 number  = {1},
 month   = jan,
 year    = {1992},
 pages   = {41-48},
 local   = "{00108321.pdf}",
}

@article{Walker,
 author  = {John L. B. Walker},
 title   = "{A Survey of European Activity on Coplanar Waveguide}",
 journal = IEEEMTTSdig,
 year    = {1993},
 pages   = {693-696},
 local   = "{00277002.pdf}",
}

@article{Veyres,
 author  = {C. Veyres and V. Fouad Hanna},
 title   = "{Extension of the application of conformal mapping techniques
             to coplanar lines with finite dimensions}",
 journal = IJE,
 volume  = {48},
 number  = {1},
 year    = {1980},
 pages   = {47-56},
 local   = "{VeyresHannaCoplanarLines.pdf}",
}

@article{Edwards3,
 author  = {Marion Lee Edwards and Jeffrey H. Sinsky},
 title   = "{A New Criterion for Linear 2-Port Stability Using a Single
             Geometrically Derived Parameter}",
 journal = IEEETMTT,
 volume  = {40},
 number  = {12},
 month   = dec,
 year    = {1992},
 pages   = {2303-2311},
}

@article{Wedge,
 author  = {Scott W. Wedge and David B. Rutledge},
 title   = "{Wave Techniques for Noise Modeling and Measurement}",
 journal = IEEETMTT,
 volume  = {40},
 number  = {11},
 month   = nov,
 year    = {1992},
 pages   = {2004-2012},
 local   = "{00168757.pdf}",
}

@article{Russer,
 author  = {Peter Russer and Stefan M\"uller},
 title   = "{Noise Analysis of Microwave Circuits with General Topology}",
 journal = SMTT,
 year    = {1992},
 pages   = {1481-1484},
 local   = "{00188291.pdf}",
}

@article{Russer1,
 author  = {Peter Russer and Stefan M\"uller},
 title   = "{Noise Analysis of Microwave Circuits with General Topology and
             Arbitrary Representation}",
 journal = APMC,
 address = {Adelaide},
 year    = {1992},
 pages   = {819-822},
 local   = "{00672246.pdf}",
}

@article{Hillbrand,
 author  = {Herbert Hillbrand and Peter H. Russer},
 title   = "{An Efficient Method for Computer Aided Noise Analysis of Linear
             Amplifier Networks}",
 journal = IEEETCS,
 volume  = {23},
 number  = {4},
 month   = apr,
 year    = {1976},
 pages   = {235-238},
 local   = "{01084200.pdf}",
}

@article{Hillbrand1,
 author  = {Herbert Hillbrand and Peter H. Russer},
 title   = "{Correction to "An Efficient Method for Computer Aided Noise
             Analysis of Linear Amplifier Networks"}",
 journal = "{Letters to the Editor}",
 month   = jul,
 year    = {1976},
 pages   = {691},
 local   = "{01084145.pdf}",
}

@article{Roychowdhury,
 author  = {Jaijeet Roychowdhury, David Long and Peter Feldmann},
 title   = "{Cyclostationary Noise Analysis of Large RF Circuits
             with Multitone Excitations}",
 journal = IEEEJSSC,
 month   = mar,
 year    = {1998},
 pages   = {324-336},
}

@article{Rizzoli,
 author  = {Vittorio Rizzoli and Andrea Neri},
 title   = "{State of the Art and Present Trends in Nonlinear
             Microwave CAD Techniques}",
 journal = IEEETMTT,
 month   = feb,
 year    = {1988},
 pages   = {343-365},
}

@article{Shichman,
 author  = {Harold Shichman and David A. Hodges},
 title   = "{Modeling and Simulation of Insulated-Gate Field-Effect
             Transistor Switching Circuits}",
 journal = IEEEJSSC,
 volume  = {3},
 number  = {3},
 month   = sep,
 year    = {1968},
 pages   = {285-289},
 local   = "{01049902.pdf}",
}

@article{Grosch,
 author  = {Theodore O. Grosch and Lynn A. Carpenter},
 title   = "{Two-Port to Three-Port Noise-Wave Transformation for CAD
             Applications}",
 journal = IEEETMTT,
 volume  = {41},
 number  = {9},
 month   = sep,
 year    = {1993},
 pages   = {1543-1548},
 local   = "{00245675.pdf}",
}

@article{York,
 author  = {R. A. York and R. C. Compton},
 title   = "{Experimental Evaluation of Existing CAD Models for Microstrip
             Dispersion}",
 journal = IEEETMTT,
 volume  = {38},
 number  = {3},
 month   = sep,
 year    = {1990},
 pages   = {327-328},
 local   = "{00045354.pdf}",
}

@article{Goldfarb,
 author  = {Marc E. Goldfarb and Robert A. Pucel},
 title   = "{Modeling Via Hole Grounds in Microstrip}",
 journal = IEEEMGWLETTERS,
 volume  = {1},
 number  = {6},
 month   = jun,
 year    = {1991},
 pages   = {135-137},
 local   = "{00091090.pdf}",
}

@article{Kobayashi4,
 author  = {Masanori Kobayashi and Narutoshi Sawada},
 title   = "{Analysis and Synthesis of Tapered Microstrip Transmission Lines}",
 journal = IEEETMTT,
 volume  = {40},
 number  = {8},
 month   = aug,
 year    = {1992},
 pages   = {1642-1646},
 local   = "{00149542.pdf}",
}

@article{Carlin,
 author  = {Herbert J. Carlin},
 title   = "{A Simplified Circuit Model for Microstrip}",
 journal = IEEETMTT,
 note    = "{Short Papers}",
 month   = apr,
 year    = {1973},
 pages   = {589-591},
 local   = "{01128079.pdf}",
}

@article{Carlin1,
 author  = {Herbert J. Carlin and Pier P. Civalleri},
 title   = "{A Coupled-Line Model for Dispersion in Parallel-Coupled
             Microstrips}",
 journal = IEEETMTT,
 month   = may,
 year    = {1975},
 pages   = {444-446},
 local   = "{01128589.pdf}",
}

@article{Garg,
 author  = {Ramesh Garg and Inder J. Bahl},
 title   = "{Characteristics of Coupled Microstriplines}",
 journal = IEEETMTT,
 volume  = {27},
 number  = {7},
 month   = jul,
 year    = {1979},
 pages   = {700-705},
 local   = "{01129704.pdf}",
}

@article{Garg1,
 author  = {Ramesh Garg and Inder J. Bahl},
 title   = "{Microstrip discontinuities}",
 journal = IJE,
 volume  = {45},
 number  = {1},
 year    = {1978},
 pages   = {81-87},
 local   = "{MicrostripDiscontinuities.pdf}",
}

@article{Cory,
 author  = {Haim Cory},
 title   = "{Dispersion Characteristics of Microstrip Lines}",
 journal = IEEETMTT,
 volume  = {29},
 number  = {1},
 month   = jan,
 year    = {1981},
 pages   = {59-61},
 local   = "{01130287.pdf}",
}

@article{Alexopoulos,
 author  = {Nicolaos G. Alexopoulos and Shih-Chang Wu},
 title   = "{Frequency-Independent Equivalent Circuit Model for Microstrip
             Open-End and Gap Discontinuities}",
 journal = IEEETMTT,
 note    = "{Short Papers}",
 volume  = {42},
 number  = {7},
 month   = jul,
 year    = {1994},
 pages   = {1268-1272},
 local   = "{00299766.pdf}",
}

@article{Silvester,
 author  = {P. Silvester and Peter Benedek},
 title   = "{Equivalent Capacitances of Microstrip Open Circuits}",
 journal = IEEETMTT,
 volume  = {20},
 number  = {8},
 month   = aug,
 year    = {1972},
 pages   = {511-516},
 local   = "{01127798.pdf}",
}

@article{Silvester1,
 author  = {Peter Silvester and Peter Benedek},
 title   = "{Microstrip Discontinuity Capacitances for Right-Angle Bends,
             T Junctions, and Crossings}",
 journal = IEEETMTT,
 volume  = {21},
 number  = {5},
 month   = may,
 year    = {1973},
 pages   = {341-346},
 local   = "{silvester.pdf}",
}

@article{Gopinath,
 author  = {A. Gopinath and A. F. Thomson and I. M. Stephenson},
 title   = "{Equivalent Circuit Parameters of Microstrip Step Change in Width
             and Cross Junctions}",
 journal = IEEETMTT,
 note    = "{Short Papers}",
 month   = mar,
 year    = {1976},
 pages   = {142-144},
 local   = "{gopinath.pdf}",
}

@article{Easter,
 author  = {Brian Easter},
 title   = "{The Equivalent Circuit of Some Microstrip Discontinuities}",
 journal = IEEETMTT,
 volume  = {23},
 number  = {8},
 month   = aug,
 year    = {1975},
 pages   = {655-660},
 local   = "{easter.pdf}",
}

@article{Hoefer1,
 author  = {Wolfgang J. R. Hoefer},
 title   = "{Equivalent Series Inductivity of a Narrow Transverse Slit in
             Microstrip}",
 journal = IEEETMTT,
 volume  = {25},
 number  = {10},
 month   = oct,
 year    = {1977},
 pages   = {822-824},
 local   = "{01129220.pdf}",
}

@article{Schneider,
 author  = {Martin V. Schneider},
 title   = "{Microstrip Lines for Microwave Integrated Circuits}",
 journal = BELLSTJ,
 volume  = {48},
 month   = may,
 year    = {1969},
 pages   = {1421-1444},
 local   = "{E000621341.pdf}",
}

@inproceedings{GrossbergKlopfensteinTaper,
 author  = {Grossberg, M. A.},
 title   = "{Extremely rapid computation of the Klopfenstein impedance taper}",
 journal = "Proceedings of the IEEE",
 volume  = {56},
 month   = sep,
 year    = {1968},
 pages   = {1629-1630},
}

@inproceedings{Schneider1,
 author    = {Martin V. Schneider},
 title     = "{Microstrip Dispersion}",
 booktitle = "Proceedings of the IEEE, Letters",
 year      = {1972},
 month     = jan,
 volume    = {60},
 pages     = {144-146},
 local     = "{E000622830.pdf}",
}

@article{Meyer,
 author  = {John E. Meyer},
 title   = "{MOS Models and Circuit Simulation}",
 journal = "RCA Review",
 volume  = {32},
 month   = mar,
 year    = {1971},
 pages   = {42-63},
 local   = "{E000623503.pdf}",
}

@article{Gear,
 author  = {Charles W. Gear},
 title   = "{Simultaneous Numerical Solution of Differential-Algebraic
             Equations}",
 journal = IEEETCT,
 volume  = {18},
 number  = {1},
 month   = jan,
 year    = {1971},
 pages   = {89-95},
 local   = "{01083221.pdf}",
}

@article{Weil,
 author  = {P. B. Weil and L. P. McNamee},
 title   = "{Simulation of Excess Phase in Bipolar Transistors}",
 journal = IEEETCS,
 volume  = {25},
 number  = {2},
 month   = feb,
 year    = {1978},
 pages   = {114-116},
 local   = "{01084435.pdf}",
}

@article{Descharles,
 author  = {C. Descharles and C. Algani and B. Mercier and G. Alquie},
 title   = "{Physical and Electrical Modelling of Bonding Wires up to
             110 GHz}",
 journal = {33rd European Microwave Conference},
 volume  = {2},
 year    = {2003},
 pages   = {639-624},
 isbn    = {1-58053-834-7},
 local   = "{01262971.pdf}",
}


@article{Hilberg,
 author  = {Wolfgang Hilberg},
 title   = {From Approximations to Exact Relations for Characteristic Impedances},
 journal = IEEETMTT,
 volume  = {17},
 number  = {5},
 month   = may,
 year    = {1969},
 pages   = {259-265},
}


